<?xml version="1.0" encoding="UTF-8"?><collection xmlns="http://www.loc.gov/MARC21/slim"><record><leader>00360nam--2200133-i-4500</leader><controlfield tag="001">000018326</controlfield><controlfield tag="002">20161230</controlfield><controlfield tag="005">20161230201032</controlfield><controlfield tag="008">060222s1000------------r-----000-0-eng-d</controlfield><datafield ind1=" " ind2=" " tag="080"><subfield code="a">541.28:542.1</subfield></datafield><datafield ind1=" " ind2=" " tag="100"><subfield code="a">Faires, R.A. And Parks, B.H</subfield></datafield><datafield ind1=" " ind2=" " tag="245"><subfield code="a">Radioisotope laboratory techniques</subfield></datafield><datafield ind1=" " ind2=" " tag="260"><subfield code="a">London, George Newnes Limited, 1958. Xii + 244 P</subfield></datafield><datafield ind1=" " ind2=" " tag="852"><subfield code="a">14586</subfield></datafield></record></collection>